@online{ajax,
   author = "Wikipedia",
   title = "Ajax (programming)",
   year = "2015",
   url = "http://en.wikipedia.org/w/index.php?title=Ajax_(programming)&oldid=662696915"
 }

@online{paas,
   author = "Wikipedia",
   title = "Platform as a service",
   year = "2015",
   url = "http://en.wikipedia.org/w/index.php?title=Platform_as_a_service&oldid=663535093"
 }

@online{herokuinfo,
   author = "Wikipedia",
   title = "Heroku",
   year = "2015",
   url = "http://en.wikipedia.org/w/index.php?title=Heroku&oldid=664340612"
 }

@online{jsonporig,
author = "Bob Ippolito",
title = "Remote JSON - JSONP",
url = "\http://bob.ippoli.to/archives/2005/12/05/remote-json-jsonp",
urlseen = "03-03-15"
}

@software{yql,
author = "Yahoo",
title = "Yahoo Query Language (YQL)",
url = "https://developer.yahoo.com/yql"
}
@software{metno,
author = "The Norwegian Meteorological institute",
title = "Weather API",
url = "http://api.met.no/weatherapi/documentation"
}
@online{metnoinfo,
   author = "Wikipedia",
   title = "Norwegian Meteorological Institute",
   year = "2015",
   url = "\url{http://en.wikipedia.org/w/index.php?title=Norwegian_Meteorological_Institute&oldid=650728073}"
  
 }

@software{gmaps,
author = "Google",
title = "Google Maps JavaScript API ",
url = "https://developers.google.com/maps/documentation/javascript/distancematrix"
}

@online{gmapsinfo,
   author = "Wikipedia",
   title = "Google Maps",
   year = "2015",
   url = "\url{http://en.wikipedia.org/w/index.php?title=Google_Maps&oldid=664331884}"
 }

@online{ruterinfo,
   author = "Wikipedia",
   title = "Ruter",
   year = "2015",
   url = "\url{http://en.wikipedia.org/w/index.php?title=Ruter&oldid=661724247}"
 }

@software{ruter,
author = "labs.ruter.no",
title = "API Ruter Reise",
url = "http://reisapi.ruter.no/help"
}

 @online{firebug,
   author = "Wikipedia",
   title = "Firebug (software)",
   year = "2015",
   url = "http://en.wikipedia.org/w/index.php?title=Firebug_(software)&oldid=660301665"
 }


 @online{traceroute,
   author = "Wikipedia",
   title = "Traceroute",
   year = "2015",
   url = "http://en.wikipedia.org/w/index.php?title=Traceroute&oldid=648436916"
 }

 @online{mashup,
   author = "Wikipedia",
   title = "Mashup (web application hybrid)",
   year = "2015",
   url = "http://en.wikipedia.org/w/index.php?title=Mashup_(web_application_hybrid)&oldid=663760216"
 }

 @online{rubyrails,
   author = "Wikipedia",
   title = "Ruby on Rails",
   year = "2015",
   url = "http://en.wikipedia.org/w/index.php?title=Ruby_on_Rails&oldid=663415815"
 }

 @online{webapp,
   author = "Wikipedia",
   title = "Web application framework",
   year = "2015",
   url = "http://en.wikipedia.org/w/index.php?title=Web_application_framework&oldid=661684142"
 }

 @online{sameorigin,
   author = "Wikipedia",
   title = "Same-origin policy",
   year = "2015",
   url = "http://en.wikipedia.org/w/index.php?title=Same-origin_policy&oldid=650030720"
 }

 @online{jsonp,
   author = "Wikipedia",
   title = "JSONP",
   year = "2015",
   url = "http://en.wikipedia.org/w/index.php?title=JSONP&oldid=663230296"
 }

 @online{api,
   author = "Wikipedia",
   title = "Application programming interface",
   year = "2015",
   url = "http://en.wikipedia.org/w/index.php?title=Application_programming_interface&oldid=663700217"
 }

 @online{webapi,
   author = "Wikipedia",
   title = "Web API",
   year = "2015",
   url = "http://en.wikipedia.org/w/index.php?title=Web_API&oldid=661278213"
 }

@online{rest,
author = "Richard Le Guen",
title = "What are RESTful web services?",
url = "http://stackoverflow.com/a/3636470"
}